@inproceedings{abrol2001navigating,
  title={Navigating large-scale semi-structured data in business portals.},
  author={Abrol, Mani and Latarche, Neil and Mahadevan, Uma and Mao, Jianchang and Mukherjee, Rajat and Raghavan, Prabhakar and Tourn, Michel and Wang, John and Zhang, Grace},
  booktitle={VLDB},
  volume={1},
  pages={663--666},
  year={2001}
}

@inproceedings{bailey2006secure,
  title={Secure search in enterprise webs: Tradeoffs in efficient implementation for document level security},
  author={Bailey, Peter and Hawking, David and Matson, Brett},
  booktitle={Proceedings of the 15th ACM international conference on Information and knowledge management},
  pages={493--502},
  year={2006},
  organization={ACM}
}

@book{hatcher2004lucene,
  title={Lucene in action},
  author={Hatcher, Erik and Gospodnetic, Otis},
  year={2004},
  publisher={Manning Publications}
}

@book{ingersoll2013taming,
  title={Taming text: how to find, organize, and manipulate it},
  author={Ingersoll, Grant S and Morton, Thomas S and Farris, Andrew L},
  year={2013},
  publisher={Manning Publications Co.}
}

@inproceedings{popescu2003towards,
  title={Towards a theory of natural language interfaces to databases},
  author={Popescu, Ana-Maria and Etzioni, Oren and Kautz, Henry},
  booktitle={Proceedings of the 8th international conference on Intelligent user interfaces},
  pages={149--157},
  year={2003},
  organization={ACM}
}

@article{luong17,
  author  = {Minh{-}Thang Luong and Eugene Brevdo and Rui Zhao},
  title   = {Neural Machine Translation (seq2seq) Tutorial},
  journal = {https://github.com/tensorflow/nmt},
  year    = {2017},
}


@misc{spacy,
  title={spaCy - Industrial-strength Natural Language Processing in Python}, url={https://spacy.io/},
  journal={Industrial-strength Natural Language Processing in Python}
} 

@article{luong2015effective,
  title={Effective approaches to attention-based neural machine translation},
  author={Luong, Minh-Thang and Pham, Hieu and Manning, Christopher D},
  journal={arXiv preprint arXiv:1508.04025},
  year={2015}
}

@incollection{jelinek1992basic,
  title={Basic methods of probabilistic context free grammars},
  author={Jelinek, Frederick and Lafferty, John D and Mercer, Robert L},
  booktitle={Speech Recognition and Understanding},
  pages={345--360},
  year={1992},
  publisher={Springer}
}
